@misc{affNIST,
	author	   =	{Available at \url{http://www.cs.toronto.edu/\~tijmen/affNIST/}}
}
